@book{Love,
 author = {Love, Robert},
 title = {Linux Kernel Development},
 year = {2010},
 isbn = {0672329468, 9780672329463},
 edition = {3rd},
 publisher = {Addison-Wesley Professional},
} 
@book{Love7,
 author = {Love, Robert},
 title = {Linux System Programming: Talking Directly to the Kernel and C Library},
 year = {2007},
 isbn = {0596009585},
 publisher = {O'Reilly Media, Inc.},
} 